@article{liberati2009,
    author = {Liberati, Alessandro and Altman, Douglas G. and Tetzlaff, Jennifer and Mulrow, Cynthia and GÃ¸tzsche, Peter C. and Ioannidis, John P. A. and Clarke, Mike and Devereaux, P. J. and Kleijnen, Jos and Moher, David},
    journal = {PLOS Medicine},
    publisher = {Public Library of Science},
    title = {The PRISMA Statement for Reporting Systematic Reviews and Meta-Analyses of Studies That Evaluate Health Care Interventions: Explanation and Elaboration},
    year = {2009},
    month = {07},
    volume = {6},
    url = {https://doi.org/10.1371/journal.pmed.1000100},
    pages = {1-28},
    number = {7},
    doi = {10.1371/journal.pmed.1000100}
}
